
	 <record>
  <leader>02462nab a22005414i 4500</leader>
  <controlfield tag="001">002770984</controlfield>
  <controlfield tag="003">CZ PrUCL</controlfield>
  <controlfield tag="005">20220807174344.0</controlfield>
  <controlfield tag="008">220807s2021    xr            ||| ||ger d</controlfield>
  <datafield tag="040" ind1=" " ind2=" ">
   <subfield code="a">ABB060</subfield>
   <subfield code="b">cze</subfield>
   <subfield code="e">rda</subfield>
  </datafield>
  <datafield tag="072" ind1=" " ind2="7">
   <subfield code="a">792</subfield>
   <subfield code="x">Divadlo. Divadelní představení</subfield>
   <subfield code="2">Konspekt</subfield>
   <subfield code="9">3</subfield>
  </datafield>
  <datafield tag="080" ind1=" " ind2=" ">
   <subfield code="a">792.2/.8</subfield>
   <subfield code="2">MRF</subfield>
  </datafield>
  <datafield tag="080" ind1=" " ind2=" ">
   <subfield code="a">821.162.3-3</subfield>
   <subfield code="2">MRF</subfield>
  </datafield>
  <datafield tag="080" ind1=" " ind2=" ">
   <subfield code="a">821.112.2-2</subfield>
   <subfield code="2">MRF</subfield>
  </datafield>
  <datafield tag="080" ind1=" " ind2=" ">
   <subfield code="a">82.091</subfield>
   <subfield code="2">MRF</subfield>
  </datafield>
  <datafield tag="080" ind1=" " ind2=" ">
   <subfield code="a">(0:82-4)</subfield>
   <subfield code="2">MRF</subfield>
  </datafield>
  <datafield tag="100" ind1="1" ind2=" ">
   <subfield code="a">Slouková, Jana,</subfield>
   <subfield code="d">1981-</subfield>
   <subfield code="7">mzk2006322929</subfield>
   <subfield code="4">aut</subfield>
  </datafield>
  <datafield tag="245" ind1="1" ind2="0">
   <subfield code="a">Švejk/Schwejk - Schauspiel in drei Teilen nach Jaroslav Hašek, Bertold Brecht und Petra Hůlová :</subfield>
   <subfield code="b">eine Koproduktion der Städtischen Bühnen Prag mit den Staatstheater Augsburg /</subfield>
   <subfield code="c">Jana Sluková, Sabeth Braun, Nina Rühmeier.</subfield>
  </datafield>
  <datafield tag="336" ind1=" " ind2=" ">
   <subfield code="a">text</subfield>
   <subfield code="b">txt</subfield>
   <subfield code="2">rdacontent</subfield>
  </datafield>
  <datafield tag="337" ind1=" " ind2=" ">
   <subfield code="a">bez média</subfield>
   <subfield code="b">n</subfield>
   <subfield code="2">rdamedia</subfield>
  </datafield>
  <datafield tag="338" ind1=" " ind2=" ">
   <subfield code="a">jiný</subfield>
   <subfield code="b">nz</subfield>
   <subfield code="2">rdacarrier</subfield>
  </datafield>
  <datafield tag="500" ind1=" " ind2=" ">
   <subfield code="a">Rubrika: Berichte.</subfield>
  </datafield>
  <datafield tag="520" ind1="2" ind2=" ">
   <subfield code="a">Reportáž o divadelní inscenaci &quot;Švejk/Schwejk&quot; v Divadle Komedie (premiéra 15. 10. 2020).</subfield>
  </datafield>
  <datafield tag="524" ind1=" " ind2=" ">
   <subfield code="a">SLOUKOVÁ, Jana – BRAUN, Sabeth – RÜHMEIER, Nina: Švejk/ Schwejk – Schauspiel in drei Teilen nach Jaroslav Hašek, Bertold Brecht und Petra Hůlová : eine Koproduktion der Städtischen Bühnen Prag mit den Staatstheater Augsburg. Germanoslavica. Jg. 32, 2021, Nr. 2, S. [117]–122.</subfield>
  </datafield>
  <datafield tag="599" ind1=" " ind2=" ">
   <subfield code="a">CLB-CPK</subfield>
  </datafield>
  <datafield tag="600" ind1="1" ind2="7">
   <subfield code="a">Hašek, Jaroslav,</subfield>
   <subfield code="d">1883-1923</subfield>
   <subfield code="7">jk01040097</subfield>
   <subfield code="2">czenas</subfield>
  </datafield>
  <datafield tag="600" ind1="1" ind2="7">
   <subfield code="a">Brecht, Bertolt,</subfield>
   <subfield code="d">1898-1956</subfield>
   <subfield code="7">jn19990001059</subfield>
   <subfield code="2">czenas</subfield>
  </datafield>
  <datafield tag="600" ind1="1" ind2="7">
   <subfield code="a">Hůlová, Petra,</subfield>
   <subfield code="d">1979-</subfield>
   <subfield code="7">jo2002111362</subfield>
   <subfield code="2">czenas</subfield>
  </datafield>
  <datafield tag="600" ind1="1" ind2="7">
   <subfield code="a">Petras, Armin,</subfield>
   <subfield code="d">1964-</subfield>
   <subfield code="7">jo2004249982</subfield>
   <subfield code="2">czenas</subfield>
  </datafield>
  <datafield tag="610" ind1="2" ind2="7">
   <subfield code="a">Divadlo Komedie</subfield>
   <subfield code="7">kn20010710127</subfield>
   <subfield code="2">czenas</subfield>
  </datafield>
  <datafield tag="610" ind1="2" ind2="7">
   <subfield code="a">Městská divadla pražská</subfield>
   <subfield code="7">kn20010710251</subfield>
   <subfield code="2">czenas</subfield>
  </datafield>
  <datafield tag="610" ind1="2" ind2="4">
   <subfield code="a">Staatstheater Augsburg</subfield>
  </datafield>
  <datafield tag="650" ind1="0" ind2="7">
   <subfield code="a">divadelní inscenace</subfield>
   <subfield code="7">ph114330</subfield>
   <subfield code="2">czenas</subfield>
  </datafield>
  <datafield tag="650" ind1="0" ind2="7">
   <subfield code="a">česká próza</subfield>
   <subfield code="7">ph116861</subfield>
   <subfield code="2">czenas</subfield>
  </datafield>
  <datafield tag="650" ind1="0" ind2="7">
   <subfield code="a">německé drama</subfield>
   <subfield code="7">ph123506</subfield>
   <subfield code="2">czenas</subfield>
  </datafield>
  <datafield tag="650" ind1="0" ind2="7">
   <subfield code="a">literární vlivy</subfield>
   <subfield code="7">ph138746</subfield>
   <subfield code="2">czenas</subfield>
  </datafield>
  <datafield tag="655" ind1=" " ind2="7">
   <subfield code="a">reportáže</subfield>
   <subfield code="7">fd133252</subfield>
   <subfield code="2">czenas</subfield>
  </datafield>
  <datafield tag="700" ind1="1" ind2=" ">
   <subfield code="a">Braun, Sabeth</subfield>
   <subfield code="4">aut</subfield>
  </datafield>
  <datafield tag="700" ind1="1" ind2=" ">
   <subfield code="a">Rühmeier, Nina</subfield>
   <subfield code="4">aut</subfield>
  </datafield>
  <datafield tag="773" ind1="0" ind2=" ">
   <subfield code="t">Germanoslavica</subfield>
   <subfield code="x">1210-9029</subfield>
   <subfield code="g">Jg. 32, 2021, Nr. 2, S. [117]-122</subfield>
   <subfield code="q">32:2&lt;[117]</subfield>
   <subfield code="9">2021</subfield>
  </datafield>
  <datafield tag="787" ind1="0" ind2="8">
   <subfield code="a">Hašek, Jaroslav</subfield>
   <subfield code="t">Osudy dobrého vojáka Švejka za světové války</subfield>
   <subfield code="4">próza</subfield>
  </datafield>
  <datafield tag="787" ind1="0" ind2="8">
   <subfield code="t">Švejk/Schwejk</subfield>
   <subfield code="n">Režie Armin Petras</subfield>
   <subfield code="4">divadelní inscenace</subfield>
  </datafield>
  <datafield tag="910" ind1=" " ind2=" ">
   <subfield code="a">ABB060</subfield>
  </datafield>
  <datafield tag="964" ind1=" " ind2=" ">
   <subfield code="a">B12</subfield>
  </datafield>
  <datafield tag="990" ind1=" " ind2=" ">
   <subfield code="a">RS</subfield>
  </datafield>
  <datafield tag="KAT" ind1=" " ind2=" ">
   <subfield code="a">UCLMS</subfield>
   <subfield code="b">50</subfield>
   <subfield code="c">20220807</subfield>
   <subfield code="l">KNA01</subfield>
   <subfield code="h">1743</subfield>
  </datafield>
  <datafield tag="OWN" ind1=" " ind2=" ">
   <subfield code="a">UCLA</subfield>
  </datafield>
  <datafield tag="SIF" ind1=" " ind2=" ">
   <subfield code="a">SKU</subfield>
  </datafield>
 </record>
</collection>
